<?xml version="1.0" encoding="UTF-8"?><collection xmlns="http://www.loc.gov/MARC21/slim"><record><leader>00379nam--2200121-i-4500</leader><controlfield tag="001">000003192</controlfield><controlfield tag="002">20161230</controlfield><controlfield tag="005">20161230201025</controlfield><controlfield tag="008">060222s1000------------r-----000-0-eng-d</controlfield><datafield ind1=" " ind2=" " tag="080"><subfield code="a">367</subfield></datafield><datafield ind1=" " ind2=" " tag="245"><subfield code="a">Commercial and international developments in atomic energy. proceedings for members.. sept. 1955</subfield></datafield><datafield ind1=" " ind2=" " tag="260"><subfield code="a">New York, Atomic Industrial Forum, 1956 Vi + 598 P. Cu Fig</subfield></datafield><datafield ind1=" " ind2=" " tag="852"><subfield code="a">12756</subfield></datafield></record></collection>